<?xml version="1.0" encoding="UTF-8"?>
<SOAP-ENV:Envelope xmlns:SOAP-ENV="http://schemas.xmlsoap.org/soap/envelope/" xmlns:ns1="http://oss.dbc.dk/ns/openformat" xmlns:os="http://oss.dbc.dk/ns/opensearch" xmlns:dc="http://purl.org/dc/elements/1.1/" xmlns:dkabm="http://biblstandard.dk/abm/namespace/dkabm/" xmlns:ISO639-2="http://lcweb.loc.gov/standards/iso639-2/" xmlns:dcmitype="http://purl.org/dc/dcmitype/" xmlns:dcterms="http://purl.org/dc/terms/" xmlns:ac="http://biblstandard.dk/ac/namespace/" xmlns:dkdcplus="http://biblstandard.dk/abm/namespace/dkdcplus/" xmlns:oss="http://oss.dbc.dk/ns/osstypes" xmlns:marcx="info:lc/xmlns/marcxchange-v1" xmlns:xsi="http://www.w3.org/2001/XMLSchema-instance">
  <SOAP-ENV:Body>
    <ns1:formatRequest>
      <ns1:originalData>
        <os:collection>
          <os:resultPosition>1</os:resultPosition>
          <os:numberOfObjects>1</os:numberOfObjects>
          <os:object>
            <dkabm:record>
              <ac:identifier>90715860|700400</ac:identifier>
              <ac:source>Bibliotekskatalog</ac:source>
              <dc:title>Barndommens gade</dc:title>
              <dc:title xsi:type="dkdcplus:full">Barndommens gade : Helgolandsgade i Sønderborg 1924-1934</dc:title>
              <dc:creator xsi:type="dkdcplus:aut">Harry Böwadt</dc:creator>
              <dc:creator xsi:type="oss:sort">Böwadt, Harry</dc:creator>
              <dc:subject xsi:type="dkdcplus:DK5">99.4 Böwadt, Harry</dc:subject>
              <dc:subject xsi:type="dkdcplus:DK5-Text">Biografier af enkelte personer</dc:subject>
              <dc:subject>Harry Böwadt</dc:subject>
              <dc:subject xsi:type="oss:sort">Böwadt, Harry</dc:subject>
              <dc:subject xsi:type="dkdcplus:DBCO">biografier</dc:subject>
              <dc:subject xsi:type="dkdcplus:DBCF">dagligliv</dc:subject>
              <dc:subject xsi:type="dkdcplus:DBCF">personalhistorie</dc:subject>
              <dcterms:audience>voksenmaterialer</dcterms:audience>
              <dc:date>1991</dc:date>
              <dc:type xsi:type="dkdcplus:BibDK-Type">Tidsskriftsartikel</dc:type>
              <dc:language xsi:type="dcterms:ISO639-2">dan</dc:language>
              <dc:language>Dansk</dc:language>
              <dcterms:isPartOf>Sønderjysk månedsskrift, 1991, side 18-24 ill.</dcterms:isPartOf>
              <dcterms:isPartOf xsi:type="dkdcplus:ISSN">0049-125X</dcterms:isPartOf>
              <dcterms:spatial xsi:type="dkdcplus:DBCF">Sønderborg</dcterms:spatial>
              <dcterms:temporal xsi:type="dkdcplus:DBCP">1920-1929</dcterms:temporal>
              <dcterms:temporal xsi:type="dkdcplus:DBCP">1930-1939</dcterms:temporal>
            </dkabm:record>
            <marcx:collection>
              <marcx:record format="danMARC2" type="Bibliographic">
                <marcx:leader>00000n    2200000   4500</marcx:leader>
                <marcx:datafield ind1="0" ind2="0" tag="001">
                  <marcx:subfield code="a">90715860</marcx:subfield>
                  <marcx:subfield code="b">700400</marcx:subfield>
                  <marcx:subfield code="f">a</marcx:subfield>
                </marcx:datafield>
                <marcx:datafield ind1="0" ind2="0" tag="004">
                  <marcx:subfield code="r">n</marcx:subfield>
                  <marcx:subfield code="a">i</marcx:subfield>
                </marcx:datafield>
                <marcx:datafield ind1="0" ind2="0" tag="008">
                  <marcx:subfield code="t">a</marcx:subfield>
                  <marcx:subfield code="u">f</marcx:subfield>
                  <marcx:subfield code="a">1991</marcx:subfield>
                  <marcx:subfield code="b">dk</marcx:subfield>
                  <marcx:subfield code="l">dan</marcx:subfield>
                  <marcx:subfield code="r">ap</marcx:subfield>
                  <marcx:subfield code="v">0</marcx:subfield>
                </marcx:datafield>
                <marcx:datafield ind1="0" ind2="0" tag="009">
                  <marcx:subfield code="a">a</marcx:subfield>
                  <marcx:subfield code="g">xx</marcx:subfield>
                </marcx:datafield>
                <marcx:datafield ind1="0" ind2="0" tag="016">
                  <marcx:subfield code="a">02481340</marcx:subfield>
                </marcx:datafield>
                <marcx:datafield ind1="0" ind2="0" tag="100">
                  <marcx:subfield code="a">Böwadt</marcx:subfield>
                  <marcx:subfield code="h">Harry</marcx:subfield>
                </marcx:datafield>
                <marcx:datafield ind1="0" ind2="0" tag="245">
                  <marcx:subfield code="a">Barndommens gade</marcx:subfield>
                  <marcx:subfield code="c">Helgolandsgade i Sønderborg 1924-1934</marcx:subfield>
                  <marcx:subfield code="e">af Harry Böwadt</marcx:subfield>
                </marcx:datafield>
                <marcx:datafield ind1="0" ind2="0" tag="557">
                  <marcx:subfield code="a">Sønderjysk månedsskrift</marcx:subfield>
                  <marcx:subfield code="v">1991</marcx:subfield>
                  <marcx:subfield code="k">side 18-24 ill.</marcx:subfield>
                  <marcx:subfield code="z">0049-125X</marcx:subfield>
                </marcx:datafield>
                <marcx:datafield ind1="0" ind2="0" tag="652">
                  <marcx:subfield code="p">99.4</marcx:subfield>
                  <marcx:subfield code="a">Böwadt</marcx:subfield>
                  <marcx:subfield code="h">Harry</marcx:subfield>
                </marcx:datafield>
                <marcx:datafield ind1="0" ind2="0" tag="652">
                  <marcx:subfield code="m">99.4</marcx:subfield>
                  <marcx:subfield code="a">Böwadt</marcx:subfield>
                  <marcx:subfield code="h">Harry</marcx:subfield>
                </marcx:datafield>
                <marcx:datafield ind1="0" ind2="0" tag="666">
                  <marcx:subfield code="i">1920-1929</marcx:subfield>
                </marcx:datafield>
                <marcx:datafield ind1="0" ind2="0" tag="666">
                  <marcx:subfield code="i">1930-1939</marcx:subfield>
                </marcx:datafield>
                <marcx:datafield ind1="0" ind2="0" tag="666">
                  <marcx:subfield code="e">Sønderborg</marcx:subfield>
                </marcx:datafield>
                <marcx:datafield ind1="0" ind2="0" tag="666">
                  <marcx:subfield code="f">personalhistorie</marcx:subfield>
                </marcx:datafield>
                <marcx:datafield ind1="0" ind2="0" tag="666">
                  <marcx:subfield code="f">dagligliv</marcx:subfield>
                </marcx:datafield>
                <marcx:datafield ind1="0" ind2="0" tag="666">
                  <marcx:subfield code="o">biografier</marcx:subfield>
                </marcx:datafield>
              </marcx:record>
            </marcx:collection>
            <os:identifier>700400-katalog:90715860</os:identifier>
            <os:primaryObjectIdentifier>700400-katalog:90715860</os:primaryObjectIdentifier>
            <os:recordStatus>active</os:recordStatus>
            <os:holdingsCount>0</os:holdingsCount>
            <os:lendingLibraries>0</os:lendingLibraries>
            <os:relations>
              <os:relation>
                <os:relationType>dbcbib:isPartOfManifestation</os:relationType>
                <os:relationUri>820050-katalog:000127191</os:relationUri>
                <os:relationObject>
                  <os:object>
                    <dkabm:record>
                      <ac:identifier>000127191|820050</ac:identifier>
                      <dc:identifier xsi:type="dkdcplus:ISSN">0049-125X</dc:identifier>
                      <ac:source>Bibliotekskatalog</ac:source>
                      <dc:title>Sønderjysk månedsskrift.</dc:title>
                      <dc:title xsi:type="dkdcplus:full">Sønderjysk månedsskrift.</dc:title>
                      <dcterms:audience>voksenmaterialer</dcterms:audience>
                      <dc:contributor>Historisk Samfund for Sønderjylland</dc:contributor>
                      <dc:date>1980</dc:date>
                      <dc:type xsi:type="dkdcplus:BibDK-Type">Periodikum</dc:type>
                      <dc:language xsi:type="dcterms:ISO639-2">dan</dc:language>
                      <dc:language>Dansk</dc:language>
                    </dkabm:record>