
                    <marcx:collection>
                      <marcx:record format="danMARC2" type="Bibliographic">
                        <marcx:leader>00000n    2200000   4500</marcx:leader>
                        <marcx:datafield ind1="0" ind2="0" tag="001">
                          <marcx:subfield code="a">000127191</marcx:subfield>
                          <marcx:subfield code="b">820050</marcx:subfield>
                          <marcx:subfield code="f">a</marcx:subfield>
                        </marcx:datafield>
                        <marcx:datafield ind1="0" ind2="0" tag="002">
                          <marcx:subfield code="a">x700045510</marcx:subfield>
                        </marcx:datafield>
                        <marcx:datafield ind1="0" ind2="0" tag="004">
                          <marcx:subfield code="r">n</marcx:subfield>
                          <marcx:subfield code="a">e</marcx:subfield>
                        </marcx:datafield>
                        <marcx:datafield ind1="0" ind2="0" tag="008">
                          <marcx:subfield code="t">p</marcx:subfield>
                          <marcx:subfield code="a">1932</marcx:subfield>
                          <marcx:subfield code="u">d</marcx:subfield>
                          <marcx:subfield code="z">1980</marcx:subfield>
                          <marcx:subfield code="b">dk</marcx:subfield>
                          <marcx:subfield code="l">dan</marcx:subfield>
                          <marcx:subfield code="v">4</marcx:subfield>
                        </marcx:datafield>
                        <marcx:datafield ind1="0" ind2="0" tag="009">
                          <marcx:subfield code="a">a</marcx:subfield>
                          <marcx:subfield code="g">xx</marcx:subfield>
                        </marcx:datafield>
                        <marcx:datafield ind1="0" ind2="0" tag="022">
                          <marcx:subfield code="a">0049-125X</marcx:subfield>
                          <marcx:subfield code="b">u</marcx:subfield>
                        </marcx:datafield>
                        <marcx:datafield ind1="0" ind2="0" tag="087">
                          <marcx:subfield code="a">908</marcx:subfield>
                          <marcx:subfield code="b">Lands- og egnsbeskrivelser</marcx:subfield>
                          <marcx:subfield code="1">(489.6) Sønderjyllands amt</marcx:subfield>
                        </marcx:datafield>
                        <marcx:datafield ind1="0" ind2="0" tag="096">
                          <marcx:subfield code="a">LAN</marcx:subfield>
                          <marcx:subfield code="s">Kælder</marcx:subfield>
                          <marcx:subfield code="t">Magasin KOM</marcx:subfield>
                          <marcx:subfield code="v">930345</marcx:subfield>
                          <marcx:subfield code="y">1932-1980</marcx:subfield>
                          <marcx:subfield code="z">820050</marcx:subfield>
                        </marcx:datafield>
                        <marcx:datafield ind1="0" ind2="0" tag="245">
                          <marcx:subfield code="a">Sønderjysk månedsskrift.</marcx:subfield>
                        </marcx:datafield>
                        <marcx:datafield ind1="0" ind2="0" tag="260">
                          <marcx:subfield code="a">Århus.</marcx:subfield>
                          <marcx:subfield code="c">1932-1980.</marcx:subfield>
                        </marcx:datafield>
                        <marcx:datafield ind1="0" ind2="0" tag="566">
                          <marcx:subfield code="a">Afbestilt.</marcx:subfield>
                        </marcx:datafield>
                        <marcx:datafield ind1="0" ind2="0" tag="710">
                          <marcx:subfield code="a">Historisk Samfund for Sønderjylland</marcx:subfield>
                        </marcx:datafield>
                        <marcx:datafield ind1="0" ind2="0" tag="980">
                          <marcx:subfield code="y">820050</marcx:subfield>
                          <marcx:subfield code="b">9</marcx:subfield>
                          <marcx:subfield code="c">56</marcx:subfield>
                          <marcx:subfield code="d">1932</marcx:subfield>
                          <marcx:subfield code="e">1980</marcx:subfield>
                          <marcx:subfield code="v">Bd.</marcx:subfield>
                        </marcx:datafield>
                      </marcx:record>
                    </marcx:collection>
                    <os:identifier>820050-katalog:000127191</os:identifier>
                    <os:creationDate>2003-03-11</os:creationDate>
                    <os:formatsAvailable>
                      <os:format>dkabm</os:format>
                      <os:format>marcxchange</os:format>
                    </os:formatsAvailable>
                  </os:object>
                </os:relationObject>
              </os:relation>
              <os:relation>
                <os:relationType>dbcbib:isPartOfManifestation</os:relationType>
                <os:relationUri>870970-basis:08545170</os:relationUri>
                <os:relationObject>
                  <os:object>
                    <dkabm:record>
                      <ac:identifier>08545170|870970</ac:identifier>
                      <dc:identifier xsi:type="dkdcplus:ISSN">0049-125X</dc:identifier>
                      <ac:source>Bibliotekskatalog</ac:source>
                      <dc:title>Sønderjysk månedsskrift</dc:title>
                      <dc:title xsi:type="dkdcplus:full">Sønderjysk månedsskrift</dc:title>
                      <dcterms:alternative>Sønderjydsk månedsskrift</dcterms:alternative>
                      <dc:subject xsi:type="dkdcplus:DK5">96.905</dc:subject>
                      <dc:description>1924-1957 med titel: Sønderjydsk månedsskrift</dc:description>
                      <dcterms:audience>voksenmaterialer</dcterms:audience>
                      <dc:publisher>Historisk Samfund for Sønderjylland</dc:publisher>
                      <dc:contributor>Historisk Samfund for Sønderjylland</dc:contributor>
                      <dc:date>1924</dc:date>
                      <dc:type xsi:type="dkdcplus:BibDK-Type">Tidsskrift</dc:type>
                      <dc:format>Ill.</dc:format>
                      <dc:language xsi:type="dcterms:ISO639-2">dan</dc:language>
                      <dc:language>Dansk</dc:language>
                    </dkabm:record>