
                    <marcx:collection>
                      <marcx:record format="danMARC2" type="Bibliographic">
                        <marcx:leader>00000c    2200000   4500</marcx:leader>
                        <marcx:datafield ind1="0" ind2="0" tag="001">
                          <marcx:subfield code="a">001801232</marcx:subfield>
                          <marcx:subfield code="b">840270</marcx:subfield>
                          <marcx:subfield code="f">a</marcx:subfield>
                        </marcx:datafield>
                        <marcx:datafield ind1="0" ind2="0" tag="002">
                          <marcx:subfield code="d">0049125x</marcx:subfield>
                        </marcx:datafield>
                        <marcx:datafield ind1="0" ind2="0" tag="004">
                          <marcx:subfield code="r">c</marcx:subfield>
                          <marcx:subfield code="a">e</marcx:subfield>
                        </marcx:datafield>
                        <marcx:datafield ind1="0" ind2="0" tag="008">
                          <marcx:subfield code="t">p</marcx:subfield>
                          <marcx:subfield code="a">1924</marcx:subfield>
                          <marcx:subfield code="u">c</marcx:subfield>
                          <marcx:subfield code="b">dk</marcx:subfield>
                          <marcx:subfield code="c">m</marcx:subfield>
                          <marcx:subfield code="h">p</marcx:subfield>
                          <marcx:subfield code="i">b</marcx:subfield>
                          <marcx:subfield code="l">dan</marcx:subfield>
                          <marcx:subfield code="v">4</marcx:subfield>
                        </marcx:datafield>
                        <marcx:datafield ind1="0" ind2="0" tag="009">
                          <marcx:subfield code="a">a</marcx:subfield>
                          <marcx:subfield code="g">xx</marcx:subfield>
                        </marcx:datafield>
                        <marcx:datafield ind1="0" ind2="0" tag="022">
                          <marcx:subfield code="a">0049-125X</marcx:subfield>
                          <marcx:subfield code="c">hf.</marcx:subfield>
                          <marcx:subfield code="d">kr. 125,00 årligt</marcx:subfield>
                          <marcx:subfield code="d">kr. 15,00 pr. nr.</marcx:subfield>
                        </marcx:datafield>
                        <marcx:datafield ind1="0" ind2="0" tag="082">
                          <marcx:subfield code="a">948.95</marcx:subfield>
                        </marcx:datafield>
                        <marcx:datafield ind1="0" ind2="0" tag="096">
                          <marcx:subfield code="z">840270</marcx:subfield>
                          <marcx:subfield code="r">a</marcx:subfield>
                          <marcx:subfield code="u">Intet udlån</marcx:subfield>
                        </marcx:datafield>
                        <marcx:datafield ind1="0" ind2="0" tag="097">
                          <marcx:subfield code="a">UnDaDi</marcx:subfield>
                          <marcx:subfield code="c">F 2</marcx:subfield>
                          <marcx:subfield code="u">Intet udlån</marcx:subfield>
                        </marcx:datafield>
                        <marcx:datafield ind1="0" ind2="0" tag="210">
                          <marcx:subfield code="a">Sønderjysk månedsskr.</marcx:subfield>
                        </marcx:datafield>
                        <marcx:datafield ind1="0" ind2="0" tag="245">
                          <marcx:subfield code="a">Sønderjysk månedsskrift</marcx:subfield>
                        </marcx:datafield>
                        <marcx:datafield ind1="0" ind2="0" tag="260">
                          <marcx:subfield code="a">Åbenrå</marcx:subfield>
                          <marcx:subfield code="b">Historisk Samfund for Sønderjylland</marcx:subfield>
                        </marcx:datafield>
                        <marcx:datafield ind1="0" ind2="0" tag="300">
                          <marcx:subfield code="b">Ill.</marcx:subfield>
                        </marcx:datafield>
                        <marcx:datafield ind1="0" ind2="0" tag="512">
                          <marcx:subfield code="a">1924-1957 med titel: Sønderjydsk månedsskrift</marcx:subfield>
                        </marcx:datafield>
                        <marcx:datafield ind1="0" ind2="0" tag="559">
                          <marcx:subfield code="a">Hertil hører: Sønderjysk Månedsskrift. Indholdsfortegnelse 1924-1944. - 1946, og: Sønderjysk månedsskrift. Indholdsfortegnelse 1945-1974 / ved Niels H. Kragh-Nielsen. - 1977, og: Indholdsfortegnelse til Sønderjysk månedsskrift 1924-1994 / ved Niels H. Kragh-Nielsen. - 1995</marcx:subfield>
                        </marcx:datafield>
                        <marcx:datafield ind1="0" ind2="0" tag="599">
                          <marcx:subfield code="e">HUNFIIT931129</marcx:subfield>
                        </marcx:datafield>
                        <marcx:datafield ind1="0" ind2="0" tag="599">
                          <marcx:subfield code="e">HUNFIIT960326</marcx:subfield>
                        </marcx:datafield>
                        <marcx:datafield ind1="0" ind2="0" tag="652">
                          <marcx:subfield code="m">96.9</marcx:subfield>
                          <marcx:subfield code="b">05</marcx:subfield>
                        </marcx:datafield>
                        <marcx:datafield ind1="0" ind2="0" tag="652">
                          <marcx:subfield code="p">46.4</marcx:subfield>
                        </marcx:datafield>
                        <marcx:datafield ind1="0" ind2="0" tag="710">
                          <marcx:subfield code="a">Historisk Samfund for Sønderjylland</marcx:subfield>
                        </marcx:datafield>
                        <marcx:datafield ind1="0" ind2="0" tag="745">
                          <marcx:subfield code="a">Sønderjydsk månedsskrift</marcx:subfield>
                        </marcx:datafield>
                        <marcx:datafield ind1="0" ind2="0" tag="980">
                          <marcx:subfield code="y">840270</marcx:subfield>
                          <marcx:subfield code="d">1924-</marcx:subfield>
                        </marcx:datafield>
                        <marcx:datafield ind1="0" ind2="0" tag="980">
                          <marcx:subfield code="y">840270</marcx:subfield>
                          <marcx:subfield code="d">1987-</marcx:subfield>
                        </marcx:datafield>
                      </marcx:record>
                    </marcx:collection>
                    <os:identifier>840270-katalog:001801232</os:identifier>
                    <os:creationDate>2010-06-01</os:creationDate>
                    <os:formatsAvailable>
                      <os:format>dkabm</os:format>
                      <os:format>marcxchange</os:format>
                    </os:formatsAvailable>
                  </os:object>
                </os:relationObject>
              </os:relation>
              <os:relation>
                <os:relationType>dbcbib:isPartOfManifestation</os:relationType>
                <os:relationUri>830190-katalog:0049125X</os:relationUri>
                <os:relationObject>
                  <os:object>
                    <dkabm:record>
                      <ac:identifier>0049125X|830190</ac:identifier>
                      <dc:identifier xsi:type="dkdcplus:ISSN">0049-125X</dc:identifier>
                      <ac:source>Bibliotekskatalog</ac:source>
                      <dc:title>Sønderjysk månedsskrift</dc:title>
                      <dc:title xsi:type="dkdcplus:full">Sønderjysk månedsskrift</dc:title>
                      <dcterms:alternative>Sønderjydsk månedsskrift</dcterms:alternative>
                      <dc:subject xsi:type="dkdcplus:DK5">Tidsskrifter</dc:subject>
                      <dc:description>1924-1957 med titel: Sønderjydsk månedsskrift</dc:description>
                      <dcterms:audience>voksenmaterialer</dcterms:audience>
                      <dc:publisher>Historisk Samfund for Sønderjylland</dc:publisher>
                      <dc:contributor>Historisk Samfund for Sønderjylland</dc:contributor>
                      <dc:date>1924</dc:date>
                      <dc:type xsi:type="dkdcplus:BibDK-Type">Tidsskrift</dc:type>
                      <dc:format>Ill.</dc:format>
                      <dc:language xsi:type="dcterms:ISO639-2">dan</dc:language>
                      <dc:language>Dansk</dc:language>
                    </dkabm:record>