
                    <marcx:collection>
                      <marcx:record format="danMARC2" type="Bibliographic">
                        <marcx:leader>00000c    2200000   4500</marcx:leader>
                        <marcx:datafield ind1="0" ind2="0" tag="001">
                          <marcx:subfield code="a">0049125X</marcx:subfield>
                          <marcx:subfield code="b">830190</marcx:subfield>
                          <marcx:subfield code="f">a</marcx:subfield>
                        </marcx:datafield>
                        <marcx:datafield ind1="0" ind2="0" tag="002">
                          <marcx:subfield code="a">02481340</marcx:subfield>
                        </marcx:datafield>
                        <marcx:datafield ind1="0" ind2="0" tag="004">
                          <marcx:subfield code="r">c</marcx:subfield>
                          <marcx:subfield code="a">e</marcx:subfield>
                        </marcx:datafield>
                        <marcx:datafield ind1="0" ind2="0" tag="008">
                          <marcx:subfield code="t">p</marcx:subfield>
                          <marcx:subfield code="u">c</marcx:subfield>
                          <marcx:subfield code="a">1924</marcx:subfield>
                          <marcx:subfield code="b">dk</marcx:subfield>
                          <marcx:subfield code="c">m</marcx:subfield>
                          <marcx:subfield code="h">p</marcx:subfield>
                          <marcx:subfield code="l">dan</marcx:subfield>
                          <marcx:subfield code="v">0</marcx:subfield>
                        </marcx:datafield>
                        <marcx:datafield ind1="0" ind2="0" tag="009">
                          <marcx:subfield code="a">a</marcx:subfield>
                          <marcx:subfield code="g">xx</marcx:subfield>
                        </marcx:datafield>
                        <marcx:datafield ind1="0" ind2="0" tag="022">
                          <marcx:subfield code="a">0049-125X</marcx:subfield>
                          <marcx:subfield code="c">hf.</marcx:subfield>
                          <marcx:subfield code="d">kr. 125,00 årligt</marcx:subfield>
                          <marcx:subfield code="d">kr. 15,00 pr. nr.</marcx:subfield>
                        </marcx:datafield>
                        <marcx:datafield ind1="0" ind2="0" tag="032">
                          <marcx:subfield code="a">DPF197680</marcx:subfield>
                          <marcx:subfield code="x">SFD198920</marcx:subfield>
                          <marcx:subfield code="x">DAT199639</marcx:subfield>
                        </marcx:datafield>
                        <marcx:datafield ind1="0" ind2="0" tag="082">
                          <marcx:subfield code="a">948.95</marcx:subfield>
                        </marcx:datafield>
                        <marcx:datafield ind1="0" ind2="0" tag="088">
                          <marcx:subfield code="a">short94:29</marcx:subfield>
                          <marcx:subfield code="e">artik94:42</marcx:subfield>
                          <marcx:subfield code="e">no</marcx:subfield>
                          <marcx:subfield code="e">slut luk00</marcx:subfield>
                        </marcx:datafield>
                        <marcx:datafield ind1="0" ind2="0" tag="096">
                          <marcx:subfield code="z">830190</marcx:subfield>
                          <marcx:subfield code="f">Haderslev</marcx:subfield>
                          <marcx:subfield code="d">Faglokale</marcx:subfield>
                        </marcx:datafield>
                        <marcx:datafield ind1="0" ind2="0" tag="096">
                          <marcx:subfield code="z">830190</marcx:subfield>
                          <marcx:subfield code="f">Haderslev</marcx:subfield>
                          <marcx:subfield code="d">FjernMag</marcx:subfield>
                        </marcx:datafield>
                        <marcx:datafield ind1="0" ind2="0" tag="096">
                          <marcx:subfield code="z">830190</marcx:subfield>
                          <marcx:subfield code="f">Haderslev</marcx:subfield>
                        </marcx:datafield>
                        <marcx:datafield ind1="0" ind2="0" tag="096">
                          <marcx:subfield code="z">830190</marcx:subfield>
                          <marcx:subfield code="t">20020211</marcx:subfield>
                        </marcx:datafield>
                        <marcx:datafield ind1="0" ind2="0" tag="245">
                          <marcx:subfield code="a">Sønderjysk månedsskrift</marcx:subfield>
                        </marcx:datafield>
                        <marcx:datafield ind1="0" ind2="0" tag="255">
                          <marcx:subfield code="a">[?]-</marcx:subfield>
                        </marcx:datafield>
                        <marcx:datafield ind1="0" ind2="0" tag="260">
                          <marcx:subfield code="a">Åbenrå</marcx:subfield>
                          <marcx:subfield code="b">Historisk Samfund for Sønderjylland</marcx:subfield>
                          <marcx:subfield code="c">[1924]-</marcx:subfield>
                        </marcx:datafield>
                        <marcx:datafield ind1="0" ind2="0" tag="300">
                          <marcx:subfield code="b">Ill.</marcx:subfield>
                        </marcx:datafield>
                        <marcx:datafield ind1="0" ind2="0" tag="512">
                          <marcx:subfield code="a">1924-1957 med titel: Sønderjydsk månedsskrift</marcx:subfield>
                        </marcx:datafield>
                        <marcx:datafield ind1="0" ind2="0" tag="526">
                          <marcx:subfield code="a">Hertil hører: Sønderjysk Månedsskrift. Indholdsfortegenlse 1924-1944. - 1946, og: Sønderjysk månedsskrift. Indholdsfortegnelse 1945-1974 / ved Niels H. Kragh-Nielsen. - 1977, og: Indholdsfortegnelse til Sønderjysk månedsskrift 1924-1994 / ved Niels H. Kragh-Nielsen. - 1995</marcx:subfield>
                        </marcx:datafield>
                        <marcx:datafield ind1="0" ind2="0" tag="539">
                          <marcx:subfield code="a">Nummer 4, april 1992</marcx:subfield>
                        </marcx:datafield>
                        <marcx:datafield ind1="0" ind2="0" tag="652">
                          <marcx:subfield code="q">46.4</marcx:subfield>
                          <marcx:subfield code="z">5</marcx:subfield>
                          <marcx:subfield code="b">Sønderjylland</marcx:subfield>
                        </marcx:datafield>
                        <marcx:datafield ind1="0" ind2="0" tag="652">
                          <marcx:subfield code="r">46.4</marcx:subfield>
                          <marcx:subfield code="b">Sønderjylland</marcx:subfield>
                        </marcx:datafield>
                        <marcx:datafield ind1="0" ind2="0" tag="652">
                          <marcx:subfield code="p">96.905</marcx:subfield>
                        </marcx:datafield>
                        <marcx:datafield ind1="0" ind2="0" tag="652">
                          <marcx:subfield code="m">Tidsskrifter</marcx:subfield>
                        </marcx:datafield>
                        <marcx:datafield ind1="0" ind2="0" tag="710">
                          <marcx:subfield code="a">Historisk Samfund for Sønderjylland</marcx:subfield>
                        </marcx:datafield>
                        <marcx:datafield ind1="0" ind2="0" tag="745">
                          <marcx:subfield code="a">Sønderjydsk månedsskrift</marcx:subfield>
                        </marcx:datafield>
                        <marcx:datafield ind1="0" ind2="0" tag="980">
                          <marcx:subfield code="y">830290</marcx:subfield>
                          <marcx:subfield code="o">Haderslev: 1980-, årg. 1924-1979 i fjernmag.</marcx:subfield>
                          <marcx:subfield code="n">Nyeste nr. udlånes ikke</marcx:subfield>
                        </marcx:datafield>
                        <marcx:datafield ind1="0" ind2="0" tag="996">
                          <marcx:subfield code="a">DBC</marcx:subfield>
                        </marcx:datafield>
                      </marcx:record>
                    </marcx:collection>
                    <os:identifier>830190-katalog:0049125X</os:identifier>
                    <os:creationDate>2002-02-11</os:creationDate>
                    <os:formatsAvailable>
                      <os:format>dkabm</os:format>
                      <os:format>marcxchange</os:format>
                    </os:formatsAvailable>
                  </os:object>
                </os:relationObject>
              </os:relation>
            </os:relations>
          </os:object>
        </os:collection>
      </ns1:originalData>
      <ns1:outputFormat>PLACEHOLDER</ns1:outputFormat>
      <ns1:trackingId>art_side_i_557_k_700400.xml.PLACEHOLDER</ns1:trackingId>
    </ns1:formatRequest>
  </SOAP-ENV:Body>
</SOAP-ENV:Envelope>
